<?xml version="1.0" encoding="UTF-8"?><collection xmlns="http://www.loc.gov/MARC21/slim"><record><leader>00454nam--2200169-i-4500</leader><controlfield tag="001">000007506</controlfield><controlfield tag="002">20161230</controlfield><controlfield tag="005">20161230201027</controlfield><controlfield tag="008">060222s1000------------r-----000-0-eng-d</controlfield><datafield ind1=" " ind2=" " tag="040"><subfield code="a">IFIN-HH</subfield></datafield><datafield ind1=" " ind2=" " tag="080"><subfield code="a">517.51:519.24</subfield></datafield><datafield ind1="1" ind2=" " tag="100"><subfield code="a">Cifarelli, D.M</subfield></datafield><datafield ind1="1" ind2="0" tag="245"><subfield code="a">Misura e integrazione in statistica</subfield><subfield code="c">D.m. cifarelli</subfield></datafield><datafield ind1=" " ind2=" " tag="260"><subfield code="a">Milano</subfield><subfield code="b">Centro Per La Ricerca Operativa</subfield><subfield code="c">1965</subfield></datafield><datafield ind1=" " ind2=" " tag="300"><subfield code="a">112 P</subfield></datafield><datafield ind1=" " ind2=" " tag="852"><subfield code="a">23232</subfield><subfield code="c">519.24</subfield></datafield><datafield ind1=" " ind2=" " tag="CAT"><subfield code="a">Sys</subfield><subfield code="c">20130802</subfield><subfield code="h">150305</subfield></datafield></record></collection>